<record><leader>00000cas a22000007a 4500</leader><controlfield tag="001">22228465</controlfield><controlfield tag="008">900816d18491850ohuwr ne      0   a0eng d</controlfield><datafield ind1=" " ind2=" " tag="010"><subfield code="a">sn 90068958 </subfield></datafield><datafield ind1=" " ind2=" " tag="040"><subfield code="a">ONP</subfield><subfield code="b">eng</subfield><subfield code="c">ONP</subfield><subfield code="d">OCL</subfield><subfield code="d">OCLCQ</subfield><subfield code="d">OCLCF</subfield><subfield code="d">DLC</subfield></datafield><datafield ind1="0" ind2=" " tag="022"><subfield code="a">2376-144X</subfield><subfield code="2">1</subfield></datafield><datafield ind1=" " ind2=" " tag="042"><subfield code="a">msc</subfield><subfield code="a">nsdp</subfield></datafield><datafield ind1=" " ind2=" " tag="043"><subfield code="a">n-us-oh</subfield></datafield><datafield ind1="0" ind2="0" tag="050"><subfield code="a">Newspaper</subfield></datafield><datafield ind1="0" ind2="0" tag="082"><subfield code="a">071</subfield><subfield code="2">23</subfield></datafield><datafield ind1="0" ind2=" " tag="130"><subfield code="a">Freeman (Fremont, Ohio)</subfield></datafield><datafield ind1=" " ind2="4" tag="222"><subfield code="a">The freeman</subfield><subfield code="b">(Fremont, Ohio. Print)</subfield></datafield><datafield ind1="1" ind2="4" tag="245"><subfield code="a">The freeman.</subfield></datafield><datafield ind1=" " ind2=" " tag="260"><subfield code="a">Fremont [Ohio] :</subfield><subfield code="b">J.S. Fouke,</subfield><subfield code="c">1849-1850.</subfield></datafield><datafield ind1=" " ind2=" " tag="300"><subfield code="a">v.</subfield></datafield><datafield ind1=" " ind2=" " tag="310"><subfield code="a">Weekly</subfield></datafield><datafield ind1="0" ind2=" " tag="362"><subfield code="a">Vol. 1, no. 32 (Oct. 20, 1849)-v. 2, no. 12 (June 1, 1850).</subfield></datafield><datafield ind1=" " ind2=" " tag="530"><subfield code="a">Archived issues are available in digital format from the Library of Congress Chronicling America online collection.</subfield></datafield><datafield ind1=" " ind2="0" tag="651"><subfield code="a">Fremont (Ohio)</subfield><subfield code="v">Newspapers.</subfield></datafield><datafield ind1=" " ind2="0" tag="651"><subfield code="a">Sandusky County (Ohio)</subfield><subfield code="v">Newspapers.</subfield></datafield><datafield ind1=" " ind2="7" tag="651"><subfield code="a">Ohio</subfield><subfield code="z">Fremont.</subfield><subfield code="2">fast</subfield><subfield code="0">(OCoLC)fst01227962</subfield></datafield><datafield ind1=" " ind2="7" tag="651"><subfield code="a">Ohio</subfield><subfield code="z">Sandusky County.</subfield><subfield code="2">fast</subfield><subfield code="0">(OCoLC)fst01221007</subfield></datafield><datafield ind1=" " ind2="7" tag="655"><subfield code="a">Newspapers.</subfield><subfield code="2">fast</subfield><subfield code="0">(OCoLC)fst01423814</subfield></datafield><datafield ind1=" " ind2=" " tag="752"><subfield code="a">United States</subfield><subfield code="b">Ohio</subfield><subfield code="c">Sandusky</subfield><subfield code="d">Fremont.</subfield></datafield><datafield ind1="0" ind2="8" tag="776"><subfield code="i">Online version:</subfield><subfield code="t">Freeman (Fremont, Ohio)</subfield><subfield code="x">2376-1458</subfield><subfield code="w">(DLC)  2014218801</subfield><subfield code="w">(OCoLC)895038988</subfield></datafield><datafield ind1="0" ind2="0" tag="780"><subfield code="t">Lower Sandusky freeman</subfield><subfield code="x">2376-1571</subfield><subfield code="w">(DLC)sn 90068957</subfield><subfield code="w">(OCoLC)22228474</subfield></datafield><datafield ind1="0" ind2="0" tag="785"><subfield code="t">Fremont weekly freeman</subfield><subfield code="x">2376-1474</subfield><subfield code="w">(DLC)sn 85026051</subfield><subfield code="w">(OCoLC)12013361</subfield></datafield><datafield ind1="4" ind2="1" tag="856"><subfield code="u">http://www.loc.gov/chroniclingamerica/lccn/sn90068958/issues</subfield></datafield><datafield ind1="1" ind2=" " tag="029"><subfield code="a">AU@</subfield><subfield code="b">000020123813</subfield></datafield></record>